<?xml version="1.0" encoding="UTF-8"?><collection xmlns="http://www.loc.gov/MARC21/slim"><record><leader>00588nam--2200193-u-4500</leader><controlfield tag="001">000052540</controlfield><controlfield tag="002">20161230</controlfield><controlfield tag="005">20161230201050</controlfield><controlfield tag="008">100906s1000------------r-----000-0-eng-d</controlfield><datafield ind1=" " ind2=" " tag="040"><subfield code="a">IFIN-HH</subfield></datafield><datafield ind1=" " ind2=" " tag="080"><subfield code="a">53.08</subfield></datafield><datafield ind1="1" ind2=" " tag="100"><subfield code="a">Ladenburg, R.W</subfield></datafield><datafield ind1="1" ind2="0" tag="245"><subfield code="a">Physical Measurements in Gas Dynamics and Combustion</subfield><subfield code="c">R.W. Ladenburg, B. Lewis, R.N. Pease, H.S. Taylor (Eds.)</subfield></datafield><datafield ind1=" " ind2=" " tag="260"><subfield code="a">London</subfield><subfield code="b">Geoffrey Cumberlege</subfield><subfield code="c">1955</subfield></datafield><datafield ind1=" " ind2=" " tag="300"><subfield code="a">578 P</subfield></datafield><datafield ind1=" " ind2=" " tag="490"><subfield code="a">High Speed Aerodynamics and Jet Propulsion</subfield><subfield code="v">vol. IX</subfield></datafield><datafield ind1="1" ind2=" " tag="700"><subfield code="a">Taylor, H.S</subfield></datafield><datafield ind1=" " ind2=" " tag="852"><subfield code="a">12862</subfield><subfield code="c">533.6</subfield></datafield><datafield ind1=" " ind2=" " tag="CAT"><subfield code="a">Sys</subfield><subfield code="c">20100906</subfield><subfield code="h">103445</subfield></datafield></record></collection>